<?xml version="1.0" encoding="UTF-8"?><collection xmlns="http://www.loc.gov/MARC21/slim"><record><leader>00474nam--2200181-u-4500</leader><controlfield tag="001">000052464</controlfield><controlfield tag="002">20161230</controlfield><controlfield tag="005">20161230201050</controlfield><controlfield tag="008">100715s1000------------r-----000-0-rus-d</controlfield><datafield ind1=" " ind2=" " tag="040"><subfield code="a">IFIN-HH</subfield></datafield><datafield ind1=" " ind2=" " tag="041"><subfield code="a">rus</subfield></datafield><datafield ind1="1" ind2=" " tag="100"><subfield code="a">Ghersuin, G.Z</subfield></datafield><datafield ind1="1" ind2="0" tag="245"><subfield code="a">Konvektivnaia ustoicivosti nesjimaemoi jidkosti</subfield><subfield code="c">G.Z. Ghersuin, E.M. Juhovitkii</subfield></datafield><datafield ind1=" " ind2=" " tag="260"><subfield code="a">Moskva</subfield><subfield code="b">Nauka</subfield><subfield code="c">1972</subfield></datafield><datafield ind1=" " ind2=" " tag="300"><subfield code="a">392 p</subfield></datafield><datafield ind1="1" ind2=" " tag="700"><subfield code="a">Juhovitkii, E.M</subfield></datafield><datafield ind1=" " ind2=" " tag="852"><subfield code="a">39878</subfield><subfield code="c">532</subfield></datafield><datafield ind1=" " ind2=" " tag="CAT"><subfield code="a">Sys</subfield><subfield code="c">20100715</subfield><subfield code="h">110143</subfield></datafield></record></collection>